@article{brungger1999parallel,
  title={The parallel search bench ZRAM and its applications},
  author={Br{\"u}ngger, Adrian and Marzetta, Ambros and Fukuda, Komei and Nievergelt, Jurg},
  journal={Annals of Operations Research},
  volume={90},
  pages={45--63},
  year={1999},
  publisher={Springer}
}

@book{russell2005intelligenza,
  title={Intelligenza artificiale. Un approccio moderno},
  author={Russell, Stuart J and Norvig, Peter},
  volume={1},
  year={2005},
  publisher={Pearson Italia Spa}
}


 @misc{wikieurAmm,
   author = "Wikipedia",
   title = "Euristica ammissibile --- Wikipedia{,} L'enciclopedia libera",
   year = "2018",
   url = "http://it.wikipedia.org/w/index.php?title=Euristica_ammissibile&oldid=100476928",
   note = "[Online; in data 13-novembre-2018]"
}

 @misc{wikiAlgoritmoAStar,
   author = "Wikipedia",
   title = "Algoritmo A* --- Wikipedia{,} L'enciclopedia libera",
   year = "2018",
   url = "http://it.wikipedia.org/w/index.php?title=Algoritmo_A*&oldid=100492888",
   note = "[Online; in data 13-novembre-2018]"
}